@misc{wiki-docker,
	title = "{Install Wiki.js using Docker and Docker Compose}",
	howpublished = {\url{"https://docs.requarks.io/install/docker"}},
	note={Acedido: 01-12-2020}
}

@misc{wiki-documentation,
	title = "{Wiki.js documentation}",
	howpublished = {\url{"https://docs.requarks.io/"}},
	note={Acedido: 09-12-2020}
}

@misc{wiki-requirements,
	title = "{Wiki.js requirements}",
	howpublished = {\url{"https://docs.requarks.io/install/requirements#database"}},
	note={Acedido: 11-12-2020}
}

@misc{postgresql-documentation,
	title = "{PostrgeSQL documentation}",
	howpublished = {\url{"https://www.postgresql.org/files/documentation/pdf/13/postgresql-13-A4.pdf
"}},
	note={Acedido: 09-12-2020}
}

@misc{wiki-article,
	title = "{Wiki.js: A Modern Open-source Wiki Engine for the Enterprise}",
	howpublished = {\url{"https://medevel.com/wikijs/"}},
	note={Acedido: 09-12-2020}
}

@misc{postgres-about,
	title = "{What is PostrgeSQL?}",
	howpublished = {\url{"https://www.postgresql.org/about/"}},
	note={Acedido: 11-12-2020}
}

