@INPROCEEDINGS{1619082,
  author={C. {Shavers} and R. {Li} and G. {Lebby}},
  booktitle={2006 Proceeding of the Thirty-Eighth Southeastern Symposium on System Theory}, 
  title={An SVM-based approach to face detection}, 
  year={2006},
  volume={},
  number={},
  pages={362-366}
}
  
@INPROCEEDINGS{609310,
  author={E. {Osuna} and R. {Freund} and F. {Girosit}},
  booktitle={Proceedings of IEEE Computer Society Conference on Computer Vision and Pattern Recognition}, 
  title={Training support vector machines: an application to face detection}, 
  year={1997},
  volume={},
  number={},
  pages={130-136}
}
  
@INPROCEEDINGS{5233453,
  author={H. F. {Hashem}},
  booktitle={2009 National Radio Science Conference}, 
  title={Adaptive technique for human face detection using HSV color space and neural networks}, 
  year={2009},
  volume={},
  number={},
  pages={1-7}
}
  
@INPROCEEDINGS{7943228,
  author={K. {Dang} and S. {Sharma}},
  booktitle={2017 7th International Conference on Cloud Computing, Data Science   Engineering - Confluence}, 
  title={Review and comparison of face detection algorithms}, 
  year={2017},
  volume={},
  number={},
  pages={629-633}
}
  
@INPROCEEDINGS{8300832,
  author={V. {Bhandiwad} and B. {Tekwani}},
  booktitle={2017 International Conference on Trends in Electronics and Informatics (ICEI)}, 
  title={Face recognition and detection using neural networks}, 
  year={2017},
  volume={},
  number={},
  pages={879-882}
}
  
@INPROCEEDINGS{7467714,
  author={B. {Nassih} and N. {Hmina} and A. {Amine}},
  booktitle={2016 13th International Conference on Computer Graphics, Imaging and Visualization (CGiV)}, 
  title={Face Classification under Different Kernel Function Compared to KNN Classifier}, 
  year={2016},
  volume={},
  number={},
  pages={232-236}
}
  
  
@INPROCEEDINGS{5076875,
  author={J. {Ruan} and J. {Yin}},
  booktitle={2009 International Conference on Communication Software and Networks}, 
  title={Face Detection Based on Facial Features and Linear Support Vector Machines}, 
  year={2009},
  volume={},
  number={},
  pages={371-375}
}
  
@INPROCEEDINGS{8858529,
  author={T. U. {Ahmed} and S. {Hossain} and M. S. {Hossain} and R. {ul Islam} and K. {Andersson}},
  booktitle={2019 Joint 8th International Conference on Informatics, Electronics   Vision (ICIEV) and 2019 3rd International Conference on Imaging, Vision   Pattern Recognition (icIVPR)}, 
  title={Facial Expression Recognition using Convolutional Neural Network with Data Augmentation}, 
  year={2019},
  volume={},
  number={},
  pages={336-341}
}
  
@misc{scikit-hog,
  author="{Scikit Image contributors}",
  title="{Histogram of Oriented Gradients}",
  howpublished={\url{https://scikit-image.org/docs/dev/auto_examples/features_detection/plot_hog.html#sphx-glr-auto-examples-features-detection-plot-hog-py}},
  note={Accessed: 2020-06-10}
}

@misc{nn-mlp-classifier,
  author="{Scikit contributors}",
  title="{Multi-layer Perceptron}",
  howpublished={\url{https://scikit-learn.org/stable/modules/neural_networks_supervised.html}},
  note={Accessed: 2020-06-12}
}